<?xml version="1.0" encoding="UTF-8"?><collection xmlns="http://www.loc.gov/MARC21/slim"><record><leader>00388nam--2200133-i-4500</leader><controlfield tag="001">000014452</controlfield><controlfield tag="002">20161230</controlfield><controlfield tag="005">20161230201030</controlfield><controlfield tag="008">060222s1000------------r-----000-0-eng-d</controlfield><datafield ind1=" " ind2=" " tag="100"><subfield code="a">Chevrier, Gerard</subfield></datafield><datafield ind1=" " ind2=" " tag="245"><subfield code="a">Etude de l ordre dans les fluosilicates metall iques m(h2o)6++,sif6--</subfield></datafield><datafield ind1=" " ind2=" " tag="260"><subfield code="a">M=mgfe.These</subfield></datafield><datafield ind1=" " ind2=" " tag="490"><subfield code="a">Orsay, Universite De Paris-sud, 1981. 74 P</subfield></datafield><datafield ind1=" " ind2=" " tag="852"><subfield code="a">546:548.73(043)</subfield></datafield></record></collection>